@inproceedings{vae:2014,
  title={Stochastic Gradient VB and the Variational Auto-Encoder},
  author={D.P Kingma and M. Welling},
  booktitle = {Proceedings of the International Conference on Learning Representations (ICLR)},
  year={2014}
}

@inproceedings{gan:2014,
  title={Generative adversarial nets},
  author={Goodfellow, Ian and Pouget-Abadie, Jean and Mirza, Mehdi and Xu, Bing and Warde-Farley, David and Ozair, Sherjil and Courville, Aaron and Bengio, Yoshua},
  booktitle={Advances in Neural Information Processing Systems},
  pages={2672--2680},
  year={2014}
}


@InProceedings{pixelrnn:2016,
  Publisher = {JMLR Workshop and Conference Proceedings},
  Title = {Pixel Recurrent Neural Networks},
  Url = {http://jmlr.org/proceedings/papers/v48/oord16.pdf},
  Author =  {Aäron Van den Oord, Nal Kalchbrenner, Koray Kavukcuoglu},
  Year = {2016},
  Booktitle = {Proceedings of the 33rd International Conference on Machine Learning},
  Pages = {1747–1756}
}


@inproceedings{darn:2014,
  publisher = {JMLR Workshop and Conference Proceedings},
  author    = {Karol Gregor and
               Ivo Danihelka and
               Andriy Mnih and
               Charles Blundell and
               Daan Wierstra},
  title     = {Deep AutoRegressive Networks},
  booktitle = {Proceedings of the 31th International Conference on Machine Learning},
  pages     = {1242--1250},
  year      = {2014},
  url       = {http://jmlr.org/proceedings/papers/v32/gregor14.html},
}
