@unpublished{deeplearning:2016,
    title={Deep Learning},
    author={Ian Goodfellow and Yoshua Bengio and Aaron Courville},
    note={Book in preparation for MIT Press},
    url={http://www.deeplearningbook.org},
    year={2016}
}

@article{deeplearning_yann_lecun:2015,
  doi = {10.1038/nature14539},
  url = {http://dx.doi.org/10.1038/nature14539},
  year  = {2015},
  month = {may},
  publisher = {Nature Publishing Group},
  volume = {521},
  number = {7553},
  pages = {436--444},
  author = {Yann LeCun and Yoshua Bengio and Geoffrey Hinton},
  title = {Deep learning},
  journal = {Nature}
}

% this is about sigmoid belief nets, reading!
@article{neal:1992,
  doi = {10.1016/0004-3702(92)90065-6},
  url = {http://dx.doi.org/10.1016/0004-3702(92)90065-6},
  year  = {1992},
  month = {jul},
  publisher = {Elsevier {BV}},
  volume = {56},
  number = {1},
  pages = {71--113},
  author = {Radford M. Neal},
  title = {Connectionist learning of belief networks},
  journal = {Artificial Intelligence}
}

@misc{vae:2013,
  Author = {Diederik P Kingma and Max Welling},
  Title = {Auto-Encoding Variational Bayes},
  Year = {2013},
  Eprint = {arXiv:1312.6114},
}

@article{derivations:2007,
  Author = {John Duchi},
  Title = {Derivations for Linear Algebra and Optimization},
  Year = {2007},
  Eprint = {https://web.stanford.edu/~jduchi/projects/general_notes.pdf}
}

@article{tutorial_vae:2016,
Author = {Carl Doersch},
Title = {Tutorial on Variational Autoencoders},
Year = {2016},
Eprint = {arXiv:1606.05908},
}

@inproceedings{gan:2014,
  title={Generative adversarial nets},
  author={Goodfellow, Ian and Pouget-Abadie, Jean and Mirza, Mehdi and Xu, Bing and Warde-Farley, David and Ozair, Sherjil and Courville, Aaron and Bengio, Yoshua},
  booktitle={Advances in Neural Information Processing Systems},
  pages={2672--2680},
  year={2014}
}

@misc{gan_openai:2016,
  Author = {Andrej Karpathy and Pieter Abbeel and Greg Brockman and Peter Chen and Vicki Cheung and Rocky Duan and Ian Goodfellow and Durk Kingma and Jonathan Ho and Rein Houthooft and Tim Salimans and John Schulman and Ilya Sutskever and Wojciech Zaremba.},
  Title = {Generative Models},
  Journal = {OpenAI},
  type = {Blog},
  Year = {2016},
  Url = {https://openai.com/blog/generative-models/},
  Note = {Accessed: 2016-10-9},
}

% Improved Techniques for Training GANs
@article{gan_training:2016,
  author    = {Tim Salimans and
               Ian J. Goodfellow and
               Wojciech Zaremba and
               Vicki Cheung and
               Alec Radford and
               Xi Chen},
  title     = {Improved Techniques for Training GANs},
  journal   = {CoRR},
  volume    = {abs/1606.03498},
  year      = {2016},
  url       = {http://arxiv.org/abs/1606.03498},
  timestamp = {Fri, 01 Jul 2016 17:39:49 +0200},
  biburl    = {http://dblp.uni-trier.de/rec/bib/journals/corr/SalimansGZCRC16},
  bibsource = {dblp computer science bibliography, http://dblp.org}
}


%
% applications of GANs
%

@incollection{lapgan:2015,
title = {Deep Generative Image Models using a Laplacian Pyramid of Adversarial Networks},
author = {Denton, Emily L and Chintala, Soumith and Szlam, Arthur and Fergus, Rob},
booktitle = {Advances in Neural Information Processing Systems 28},
editor = {C. Cortes and N. D. Lawrence and D. D. Lee and M. Sugiyama and R. Garnett},
pages = {1486--1494},
year = {2015},
publisher = {Curran Associates, Inc.},
url = {http://papers.nips.cc/paper/5773-deep-generative-image-models-using-a-laplacian-pyramid-of-adversarial-networks.pdf}
}

@article{gan_text2image:2016,
  author    = {Scott E. Reed and
               Zeynep Akata and
               Xinchen Yan and
               Lajanugen Logeswaran and
               Bernt Schiele and
               Honglak Lee},
  title     = {Generative Adversarial Text to Image Synthesis},
  journal   = {CoRR},
  volume    = {abs/1605.05396},
  year      = {2016}
}

@article{dcgan:2015,
  author    = {Alec Radford and
               Luke Metz and
               Soumith Chintala},
  title     = {Unsupervised Representation Learning with Deep Convolutional Generative
               Adversarial Networks},
  journal   = {CoRR},
  volume    = {abs/1511.06434},
  year      = {2015},
  url       = {http://arxiv.org/abs/1511.06434},
  timestamp = {Tue, 01 Dec 2015 19:22:34 +0100},
  biburl    = {http://dblp.uni-trier.de/rec/bib/journals/corr/RadfordMC15},
  bibsource = {dblp computer science bibliography, http://dblp.org}
}


@INPROCEEDINGS{Name:1991,
  AUTHOR    = "Autor1 and Autor2 and Autor3",
  TITLE     = "{Titel des Papers}",
  BOOKTITLE = "{Name des Bandes, in dem Artikel ver\"offentlicht wurde}",
  YEAR      = "1991",
  MONTH     = "Monat",
  VOLUME    = "Band",
  PAGES     = "xxx--yyy"}


@BOOK{Ende:1989,
  AUTHOR    = "M. Ende",
  TITLE     = "{Der Wunschpunsch}",
  PUBLISHER = "Tiemann Verlag",
  ADRESS    = "weisichnich",
  YEAR      = "1989"}


@TECHREPORT{Name:1996,
  AUTHOR    = "Autor1 and Autor2 and Autor3",
  TITLE     = "{Titel des Reports}",
  BOOKTITLE = "{Titel des Bandes, in dem Artikel ver\"offentlicht wurde}",
  INSTITUTION = "{Name des Instituts}",
  YEAR      = "1996",
  MONTH     = "Monat"}


@PHDTHESIS{Name:1998,
  AUTHOR    = "Autor",
  TITLE     = "{Name der Dissertation}",
  SCHOOL    = "Name der Hochschule",
  YEAR      = "1998",
  MONTH     = "August",
  TYPE      = "{Dissertation}"}


@UNPUBLISHED{Name:1997,
  AUTHOR    = "Autor",
  TITLE     = "{Titel der Arbeit}",
  MONTH     = "Monat",
  YEAR      = "1997",
  NOTE      = "{wichtige Bemerkungen}"}
